@book{b1,
    place={Cambridge},
    title={Algorithmic Game Theory},
    DOI={10.1017/CBO9780511800481},
    publisher={Cambridge University Press},
    year={2007},
    chapter={20},
}
